@book{scott2000programming,
  title={Programming language pragmatics},
  author={Scott, Michael Lee},
  year={2000},
  publisher={Morgan Kaufmann Pub}
}

@book{pierce2002types,
  title={Types and programming languages},
  author={Pierce, Benjamin C},
  year={2002},
  publisher={The MIT Press}
}

@book{appel1998modern,
  title={Modern compiler implementation in ML},
  author={Appel, Andrew W},
  year={1998},
  publisher={Cambridge University Press}
}

@book{osullivan2008real,
  title={Real World Haskell},
  author={O'Sullivan, Bryan and Goerzen, John and Stewart, Donald Bruce},
  year={2008},
  publisher={O'Reilly Media}
}

@article{wadler2003prettier,
  title={A prettier printer},
  author={Wadler, Philip},
  journal={The Fun of Programming, Cornerstones of Computing},
  pages={223--243},
  year={2003},
  publisher={Citeseer}
}

@techreport{leijen2001parsec,
  title       = {Parsec: Direct Style Monadic Parser Combinators for the Real World},
  author      = {Daan Leijen and Erik Meijer},
  year        = {2001},
  institution = {Department of Computer Science, Universiteit Utrecht},
  number      = {UU-CS-2001-27}
}

@techreport{leijen2001pprint,
  title={{PPrint}, a prettier printer},
  author={Daan Leijen},
  year={2001},
  institution = {Department of Computer Science, Universiteit Utrecht},
  note={\online{http://legacy.cs.uu.nl/daan/download/pprint/pprint.html}}
}

@manual{newbernNDmonads,
  title={All About Monads},
  author={Jeff Newbern},
  version={1.1.0},
  note={\online{http://monads.haskell.cz/html/index.html}}
}

@manual{dijkstra2004implementation,
  title={Implementation of Programming Languages},
  author={Atze Dijkstra and Arthur Baars and Jurriaan Hage and Bastiaan Heeren and Andres LÃ¶h and Piet van Oostrum and Doaitse Swierstra},
  year={2004}
}

